@book{rastodarbai,
    author = "Aušra Berkmanienė and Ieva Cesevičiūtė and Alma Dervinienė and Dainora Maumevičienė
    and Jurgita Mikelionienė and Jolita Rakickaitė
    and Živilė Rutkūnienė and Jurgita Stravinskienė and Gintarė Tautkevičienė",
    title = "Rašto darbų rengimo metodiniai nurodymai",
    isbn = {9786090215623},
    publisher = "Technologija",
    location = "Kaunas",
    year = "2019"
}
@online{litnet,
    author = "Litnet",
    title = "Apie LITNET",
    url = "http://www.litnet.lt/index.php/apie-litnet",
    date = {2012-06-05},
    urldate = {2013-04-04}
}

@article{ontologies,
    author = "Ernestas Vyšniauskas and Lina Nemuraitė",
    title = "Transforming ontology representation from OWL to relational database",
    year = 2006,
    journal = "Information Technology and Control, T35 A",
    pages = "333-343"
}

@book{valstybestarnyba,
    author = "Kęstutis Masiulis and Algis Krupavičius",
    title = "Valstybės tarnyba Lietuvoje: praeitis ir dabartis",
    year = 2007,
    pages = 430,
    isbn = {9789955998105},
    publisher = "Valstybės tarnybos departamentas",
}

@article{spaudosdraudimas,
    author = "Vaclovas Biržiška",
    title = "Spaudos draudimo klausimai",
    year = 1929,
    journal = "Kultūra",
    pages = "249-235"
}

@online{krastoapsauga,
    author = "Ieva Valiulytė",
    title = "Išlaidos krašto apsaugai, jų pagrįstumas ir tikslingumas",
    date = {2000-02},
    urldate = {2001-12-12},
    url = "http://www.sociumas.lt"
}

@online{citationguide,
    title = "Library, Dalhousie University. IEEE Citation style guide.",
    date = {2009},
    urldate = {2013-04-11},
    url = {http://libraries.dal.ca/content/dam/dalhousie/pdf/library/Style_Guides/IEEE_Citation_Style_Guide.pdf}
}

@article{velomobilis,
    title = "Hibridinis velomobilis",
    author = "R. Gradauskas",
    location = "Kaunas",
    year = 2000,
    journal = "Transporto priemonės",
    pages = {81-83}
}
